@article{Schoof,
	author={R. Schoof},
	title={Counting points on elliptic curves over finite fields},
	journal={Journal de th√©orie des nombres de {B}ordeaux},
	volume={7},
	number={1},
	year={1995},
	pages={219--254}
}

@unpublished{Couv,
	author = {J.-M. Couveignes},
	title = {Hard homogeneous spaces},
	year = {2006},
	note = {preprint}
}

@misc{RoSt,
	author={A. Rostovtsev and A. Stolbunov},
	title={Public-key cryptosystem based on isogenies},
	publisher={Saint-{P}etersburg {U}niversity},
	year={2006}
}

@misc{Elkies,
	author={N. D. Elkies},
	title={Elliptic and modular curves over finite fields and related computational issues},
	month={march},
	year={1997},
	note={Based on a talk given at the conference : {C}omputational perspectives on number theory, {C}hicago, 1995}
}

@article{BMSS,
	author={A. Bostan and F. Morain and B. Salvy and \'E. Schost},
	title={Fast algorithms for computing isogenies between elliptic curves},
	journal={Mathematics of {C}omputation},
	volume={77},
	number={263},
	pages={1755-1778},
	year={2008}
}

@misc{GRH,
	author={D. Jao and S. D. Miller and R. Venkatesan},
	title={Expander graphs based on {GRH} with an application to elliptic curve cryptography},
	year={2008},
	note={arXiv:0811.0647v2}
}

@misc{Nemo,
	author={C. Fieker and W. Hart and T. Hofmann and F. Johansson and 1 and 2 and 3},
	title={the {N}emo computer algebra package},
	note={version 0.6.0, \url{http://nemocas.org}}
}

@misc{GMP,
	author={T. Granlund and the GMP development team},
	title={the {GNU} {M}ulti {P}recision {A}rithmetic {L}ibrary},
	note={\url{http://gmplib.org/}}
}

@article{Montgomery,
	author={P. L. Montgomery},
	title={Speeding the {P}ollard and {E}lliptic curve methods of factorization},
	journal = {Mathematics of {C}omputation},
	volume={47},
	number={177},
	pages={243--264},
	year={1987}
}

@misc{Pari,
	author={the {PARI}~Group},
	title={{PARI/GP} version {\tt 2.9.0}},
	year={2016},
	note={Univ. {B}ordeaux, \url{http://pari.math.u-bordeaux.fr/}}
}


@misc{Sage,
	author={the {S}age {D}evelopers},
	title={{S}ageMath, the {S}age {M}athematics {S}oftware {S}ystem ({V}ersion 7.5.1},
	year={2017},
	note={\url{http://www.sagemath.org}}
}

@misc{NTL,
	author={V. Shoup},
	title={{NTL} : a library for doing number theory},
	note={\url{http://www.shoup.net/ntl/}}
}

@phdthesis{Kohel,
        author = {D. Kohel},
        title = {Endomorphism rings of elliptic curves over finite fields},
        publisher = {University of California at Berkeley},
        year = {1996},
        school = {University of California at Berkeley}
}

@conference{Issac16,
	author={P.Lairez and T. Vaccon},
	title={On p-adic differential equations with separation of variables},
	year={2016},
	booktitle={ACM Communications in computer algebra}
}

